% Encoding: UTF-8

@Article{Khairoutdinov2003,
  author    = {Marat F. Khairoutdinov and David A. Randall},
  title     = {Cloud Resolving Modeling of the {ARM} Summer 1997 {IOP}: Model Formulation, Results, Uncertainties, and Sensitivities},
  journal   = {Journal of the Atmospheric Sciences},
  year      = {2003},
  volume    = {60},
  number    = {4},
  pages     = {607--625},
  month     = {feb},
  doi       = {10.1175/1520-0469(2003)060<0607:crmota>2.0.co;2},
  publisher = {American Meteorological Society},
}

@Article{Gill1980,
  author    = {A. E. Gill},
  title     = {Some simple solutions for heat-induced tropical circulation},
  journal   = {Quarterly Journal of the Royal Meteorological Society},
  year      = {1980},
  volume    = {106},
  number    = {449},
  pages     = {447--462},
  month     = {jul},
  doi       = {10.1002/qj.49710644905},
  publisher = {Wiley-Blackwell},
}

@Article{Bretherton2015,
  author    = {Bretherton, Christopher S and Khairoutdinov, Marat F},
  title     = {Convective self-aggregation feedbacks in near-global cloud-resolving simulations of an aquaplanet},
  journal   = {Journal of Advances in Modeling Earth Systems},
  year      = {2015},
  volume    = {7},
  number    = {4},
  pages     = {1765--1787},
  publisher = {Wiley Online Library},
}

@BOOK{Goodfellow2016,
  title     = "Deep learning",
  author    = "Goodfellow, Ian and Bengio, Yoshua and Courville, Aaron",
  publisher = "The MIT Press",
  series    = "Adaptive computation and machine learning",
  year      =  2016,
  annote    = "<p>Applied math and machine learning basics. Linear algebra --
               Probability and information theory -- Numerical computation --
               Machine learning basics -- Deep networks: modern practices. Deep
               feedforward networks -- Regularization for deep learning --
               Optimization for training deep models -- Convolutional networks
               -- Sequence modeling: recurrent and recursive nets -- Practical
               methodology -- Applications -- Deep learning research. Linear
               factor models -- Autoencoders -- Representation learning --
               Structured probabilistic models for deep learning -- Monte Carlo
               methods -- Confronting the partition function -- Approximate
               inference -- Deep generative models</p>",
  address   = "Cambridge, Massachusetts",
  isbn      = "9780262035613"
}

@Comment{jabref-meta: databaseType:bibtex;}
